
@techreport{RFC2121,
  author = {G. Armitage},
  title = {Issues affecting MARS Cluster Size},
  howpublished = {Internet Requests for Comments},
  type = {RFC},
  number = {2121},
  year = {1997},
  month = {March},
  issn = {2070-1721},
  publisher = {RFC Editor},
  institution = {RFC Editor},
}

