@InProceedings{JiangC05,
author="Jiang, Wei
and Clifton, Chris",
editor="Jajodia, Sushil
and Wijesekera, Duminda",
title="Privacy-Preserving Distributed k-Anonymity",
booktitle="Data and Applications Security XIX",
year="2005",
publisher="Springer Berlin Heidelberg",
address="Berlin, Heidelberg",
pages="166--177",
isbn="978-3-540-31937-5"
}


@inproceedings{BohliP09,
  author    = {Jens{-}Matthias Bohli and
               Andreas Pashalidis},
  title     = {Relations Among Privacy Notions},
  booktitle = {Financial Cryptography and Data Security, 13th International Conference, {FC} 2009, Accra Beach, Barbados, February 23-26, 2009. Revised Selected Papers},
  pages     = {362--380},
  year      = {2009},
  crossref  = {DBLP:conf/fc/2009},
  url       = {https://doi.org/10.1007/978-3-642-03549-4\_22},
  doi       = {10.1007/978-3-642-03549-4\_22},
  timestamp = {Tue, 14 May 2019 10:00:38 +0200},
  biburl    = {https://dblp.org/rec/bib/conf/fc/BohliP09},
  bibsource = {dblp computer science bibliography, https://dblp.org}
}

@article{BohliP11,
  author    = {Jens{-}Matthias Bohli and
               Andreas Pashalidis},
  title     = {Relations among privacy notions},
  journal   = {{ACM} Trans. Inf. Syst. Secur.},
  volume    = {14},
  number    = {1},
  pages     = {4:1--4:24},
  year      = {2011},
  url       = {https://doi.org/10.1145/1952982.1952986},
  doi       = {10.1145/1952982.1952986},
  timestamp = {Tue, 06 Nov 2018 12:50:47 +0100},
  biburl    = {https://dblp.org/rec/bib/journals/tissec/BohliP11},
  bibsource = {dblp computer science bibliography, https://dblp.org}
}

@inproceedings{ShiCRCS11,
  title={Privacy-preserving aggregation of time-series data},
  author={Shi, Elaine and Chan, TH Hubert and Rieffel, Eleanor and Chow, Richard and Song, Dawn},
  booktitle={Annual Network \& Distributed System Security Symposium (NDSS)},
  year={2011}
}

@InProceedings{JoyeL13,
author="Joye, Marc
and Libert, Beno{\^i}t",
editor="Sadeghi, Ahmad-Reza",
title="A Scalable Scheme for Privacy-Preserving Aggregation of Time-Series Data",
booktitle="Financial Cryptography and Data Security",
year="2013",
publisher="Springer Berlin Heidelberg",
address="Berlin, Heidelberg",
pages="111--125",
isbn="978-3-642-39884-1"
}

@article{BenhamoudaJL16,
 author = {Benhamouda, Fabrice and Joye, Marc and Libert, Beno\^{\i}T},
 title = {A New Framework for Privacy-Preserving Aggregation of Time-Series Data},
 journal = {ACM Trans. Inf. Syst. Secur.},
 issue_date = {April 2016},
 volume = {18},
 number = {3},
 month = mar,
 year = {2016},
 issn = {1094-9224},
 pages = {10:1--10:21},
 articleno = {10},
 numpages = {21},
 url = {http://doi.acm.org/10.1145/2873069},
 doi = {10.1145/2873069},
 acmid = {2873069},
 publisher = {ACM},
 address = {New York, NY, USA},
} 

@inproceedings{DworkMNS06,
  author    = {Cynthia Dwork and
               Frank McSherry and
               Kobbi Nissim and
               Adam D. Smith},
  title     = {Calibrating Noise to Sensitivity in Private Data Analysis},
  booktitle = {Theory of Cryptography, Third Theory of Cryptography Conference, {TCC}
               2006, New York, NY, USA, March 4-7, 2006, Proceedings},
  pages     = {265--284},
  year      = {2006},
  url       = {https://doi.org/10.1007/11681878\_14},
  doi       = {10.1007/11681878\_14},
  timestamp = {Tue, 14 May 2019 10:00:47 +0200},
  biburl    = {https://dblp.org/rec/bib/conf/tcc/DworkMNS06},
  bibsource = {dblp computer science bibliography, https://dblp.org}
}

@article{EmuraKOS18,
    author = {Emura, Keita and Kimura, Hayato and Ohigashi, Toshihiro and Suzuki, Tatsuya},
    title = "{Privacy-Preserving Aggregation of Time-Series Data with Public Verifiability from Simple Assumptions and Its Implementations}",
    journal = {The Computer Journal},
    volume = {62},
    number = {4},
    pages = {614-630},
    year = {2018},
    month = {12},
    issn = {0010-4620},
    doi = {10.1093/comjnl/bxy135},
    url = {https://doi.org/10.1093/comjnl/bxy135},
    eprint = {http://oup.prod.sis.lan/comjnl/article-pdf/62/4/614/28247463/bxy135.pdf},
}



@ARTICLE {uchenaEtAl2017,
   author  = "P. Uchenna and Daniel Ani and Hongmei (Mary) He and Ashutosh Tiwar",
    title   = "Review of cybersecurity issues in industrial critical infrastructure: manufacturing in perspective",
    journal = "Journal of Cyber Security Technology",
    year    = "2017",
    volume  = "1",
    number  = "1",
    pages   = "32-74"
    }

@INPROCEEDINGS{krotofilgollman2013,
author="Maryana Krotofil and Dieter Gollmann",
booktitle="2013 11th IEEE International Conference on Industrial Informatics (INDIN)",
title="Industrial control systems security: What is happening?",
year="2013",
pages="670-675",
month="July",}

@book{knapplangill2014,
author = "E. D. Knapp and J. T. Langill",
year = "2014",
month = "January",
pages = "1-439",
title = "Industrial network security: Securing critical infrastructure networks for smart grid, SCADA, and other industrial control systems",
publisher = "Elsevier",
}

@inproceedings{RayAkerbergEtAl2015,
  author    = "Apala Ray and
            Johan {\AA}kerberg and
               Mats Bj{\"o}rkman and
               Rolf Blom and
               Mikael Gidlund",
  title     = "Applicability of ''LTE'' Public Key Infrastructure Based Device Authentication
               in Industrial Plants",
  booktitle = "39th ''IEEE'' Annual Computer Software and Applications Conference,
               ''COMPSAC'' 2015, Taichung, Taiwan, July 1-5, 2015. Volume 2",
  pages     = "510--515",
  year      = "2015"
}

@ARTICLE {DesRuisseaux2018,
   author  = "Daniel DesRuisseaux",
    title   = "Practical Overview of Implementing IEC 62443 Security Levels in Industrial Control Applications",
    journal = "Schneider Electric White Paper",
    year    = "2018",
    month = "March",
    pages   = "1--13",
    url = "https://www.schneider-electric.com/en/download/document/998-20186845/",
    biburl    = "https://www.schneider-electric.com/en/download/document/998-20186845/",
    }
    
@ARTICLE {Gritsai2014,
   author  = "G. Gritsai and others",
    title   = "SCADA safety in numbers",
    journal = "Positive Technologies",
    year    = "2014",
    month = "December",
    pages   = "1--29",
    url = "https://www.ptsecurity.com/upload/corporate/ww-en/analytics/ICS-SCADA-Safety-Numbers-2012.pdf",
    }
    
@ARTICLE {Santamarta2012,
   author  = "Ruben Santamarta",
    title   = "HERE BE BACKDOORS:  A Journey Into The Secrets Of Industrial Firmware",
    journal = "Black Hat 2012",
    year    = "2012",
    month = "July",
    url = "https://media.blackhat.com/bh-us-12/Briefings/Santamarta/BH\_US\_12\_Santamarta\_Backdoors\_WP.pdf",
    }
@MastersThesis{Leverett2011,
    author     =     {E. P. Leverett},
    title     =     {{Quantitatively assessing and visualising industrial
system attack surfaces}},
    school     =     {University of Cambridge},
    address     =     {UK},
    year     =     {2011},
    }
   

@ARTICLE {Bereseford2011,
   author  = "Dillon Beresford ",
    title   = "Exploiting Siemens Simatic S7 PLCs",
    journal = "Black Hat 2011",
    year    = "2011",
    month = "July",
    url = "https://media.blackhat.com/bh-us-11/Beresford/BH\_US11\_Beresford\_S7\_PLCs\_WP.pdf",
    biburl    = "https://media.blackhat.com/bh-us-11/Beresford/BH_US11_Beresford_S7_PLCs_WP.pdf",
    }
 
    
@INPROCEEDINGS{ZhuEtAl2011,
author="B. Zhu and A. Joseph and S. Sastry",
booktitle="2011 International Conference on Internet of Things and 4th International Conference on Cyber, Physical and Social Computing",
title="A Taxonomy of Cyber Attacks on SCADA Systems",
year="2011",
pages="380--388",
doi="10.1109/iThings/CPSCom.2011.34",
month="October",}

@ARTICLE {Espion2016,
   author  = "Espion ",
    title   = "Examining the Vulnerabilities of Industrial Automation Control System (IACS)",
    journal = "Espion White Paper",
    year    = "2016",
    month = "July",
    url = "https://www.bsigroup.com/LocalFiles/fr-fr/iso-iec-27001/ressources/Examining\_the\_Vulnerabilities\_of\_Industrial
    \_Automation\_Control\_System\_(IACS).pdf"
    }
    
@article{CalvoEtAl2016,
  author    = "Isidro Calvo and
               Ismael Etxeberria Agiriano and
               Miguel A. I{\~{n}}igo and
               Pablo Gonz{\'{a}}lez{-}Nalda",
  title     = "Key Vulnerabilities of Industrial Automation and Control Systems and
               Actions to Prevent Cyber-Attacks",
  journal   = "iJOE",
  volume    = "12",
  number    = "1",
  pages     = "9--16",
  year      = "2016"
}

@ARTICLE{GengeEtAl2017,
author="B. Genge and P. Haller and I. Kiss",
journal="IEEE Systems Journal",
title="Cyber-Security-Aware Network Design of Industrial Control Systems",
year="2017",
volume="11",
number="3",
pages="1373--1384",
ISSN="1932-8184",
month="Sept",}

@ARTICLE{CheminodEtAL2013,
author="M. Cheminod and L. Durante and A. Valenzano",
journal="IEEE Transactions on Industrial Informatics",
title="Review of Security Issues in Industrial Networks",
year="2013",
volume="9",
number="1",
pages="277-293",
ISSN="1551-3203",
month="Feb",}

@incollection{Rrushi2012,
  author      = "J. L. Rrushi",
  title       = "SCADA Protocol Vulnerabilities",
  editor      = "J. Lopez and R. Setola and S. D.  Wolthusen",
  booktitle   = "Critical Infrastructure Protection",
  publisher   = "Springer Lecture Notes in Computer Science",
  address     = "Berlin, Heidelberg",
  year        = 2012,
  volume      = "7130",
  pages       = "150--176",
}

@inproceedings{FovinoEtAl2009,
  author    = {Igor Nai Fovino and
               Andrea Carcano and
               Marcelo Masera and
               Alberto Trombetta},
  title     = {Design and Implementation of a Secure Modbus Protocol},
  booktitle = {Critical Infrastructure Protection},
  series    = {{IFIP} Advances in Information and Communication Technology},
  volume    = {311},
  pages     = {83--96},
  publisher = {Springer},
  year      = {2009}
}

@article{AshbaniEtAL2017,
title = "Cyber physical systems security: Analysis, challenges and solutions",
journal = "Computers \& Security",
volume = "68",
pages = "81 - 97",
year = "2017",
issn = "0167-4048",
doi = "https://doi.org/10.1016/j.cose.2017.04.005",
url = "http://www.sciencedirect.com/science/article/pii/S0167404817300809",
author = "Yosef Ashibani and Qusay H. Mahmoud",
keywords = "Cyber Physical Systems (CPS), Internet of Things (IoT), CPS security analysis, Risk assessment, Security architecture, Research challenges"
}

@article{AlguliyevEtAl2018,
title = "Cyber-physical systems and their security issues",
journal = "Computers in Industry",
volume = "100",
pages = "212 - 223",
year = "2018",
issn = "0166-3615",
doi = "https://doi.org/10.1016/j.compind.2018.04.017",
url = "http://www.sciencedirect.com/science/article/pii/S0166361517304244",
author = "Rasim Alguliyev and Yadigar Imamverdiyev and Lyudmila Sukhostat",
keywords = "Cyber-physical system, Cyber-physical system security, Cyber-physical system attacks, Cyber-physical system security threats, Philosophical issues, Tree of attacks"
}
@ARTICLE{HumayedEtAl2017,
author="A. Humayed and J. Lin and F. Li and B. Luo",
journal="IEEE Internet of Things Journal",
title="Cyber-Physical Systems Security--A Survey",
year="2017",
volume="4",
number="6",
pages="1802-1831",
ISSN="2327-4662",
month="Dec",}

@INPROCEEDINGS{Piggin2013,
author="R. S. H. Piggin",
booktitle="IET Conference on Control and Automation 2013: Uniting Problems and Solutions",
title="Development of industrial cyber security standards: IEC 62443 for SCADA and Industrial Control System security",
year="2013",
pages="1-6",
month="June",
}

@article{Gao2013,
author="J. Gao and J. Liu and B. Rajan and R. Nori and B. Fu and Y. Xiao and W. Liang and C. L. P. Chen",
title = {{SCADA communication and security issues}},
journal="Security and Communication Networks",
volume = "7",
number = "1",
pages = "175-194",
doi ="https://doi.org/10.1002/sec.698",
year = "2013"
}

@article{Cherdantseva2016,
author="Y. Cherdantseva and P. Burnap and A. Blyth and P. Eden and K. Jones and H. Soulsby and K. Stoddart",
title = {{A review of cyber security risk assessment methods for SCADA systems}},
journal="Computers \& Security",
volume = "56",
pages = "1--27",
doi ="https://doi.org/10.1016/j.cose.2015.09.009",
year = "2016"
}

@article{Sajid2016,
author="A. Sajid and H. Abbas and K. Saleem",
title = {{Cloud-Assisted IoT-Based SCADA Systems Security: A Review of the State of the Art and Future Challenges}},
journal="IEEE Access",
volume = "4",
pages = "1375--1384",
doi ="https://doi.org/10.1109/ACCESS.2016.2549047",
year = "2016"
}

@inproceedings{Cruz2016security,
  title={{Security implications of SCADA ICS virtualization: Survey and future trends}},
  author="T. Cruz and R. Queiroz and P. Sim{\~o}es, and E. Monteiro",
  booktitle={Proceedings of the 15th European Conference on Cyber Warfare and Security (ECCWS)},
  pages="74--83",
  year="2016"
}

@misc{Falliere2011,
    author = "Falliere, Nicolas and Murchu and Chien, Eric",
    howpublished = "Symantec Security Response online report",
    institution = "Symantec",
    keywords = "security",
    month = feb,
    posted-at = "2011-05-16 14:26:26",
    priority = "3",
    title = {{W32.Stuxnet Dossier}},
    url = "http://www.symantec.com/content/en/us/enterprise/media/ \newline security\_response/whitepapers/w32\_stuxnet\_dossier.pdf",
    year = "2011"
}

@misc{Leyden2012,
author = "A. Leyden",
title = "Hack on Saudi Aramco hit 30,000 workstations, oil firm admits", 
year = "2012",
urldate = {6/1/2018},  
url = "http://www.theregister.co.uk/2012/08/29/saudi\_aramco\_malware\_attack \newline \_analysis/",
}

@misc{Roberts2014,
author = "Paul F. Roberts",
title = "Cyberattack inflicts massive damage on German steel factory",
year = "2014",
urldate = "14/12/2018",
howpublished = "The security ledger",
url = "https://securityledger.com/2014/12/cyberattack-inflicts-massive-damage-on-german-steel-factory/",
}

@misc{Didier2014,
author = "P. Didier P, F. Macias and J. Harstad and others",
title = "Converged Plantwide Ethernet solution - Converged Plantwide Ethernet (CPwE) design implementation guide",
year = "2011",
urldate = "14/12/2018",
howpublished = {Cisco Systems and Rockwell Automation},
url = "https://literature.rockwellautomation.com/idc/groups/literature/ \newline
documents /td/enet-td001\_-en-p.pdf",
}

@misc{NISTICS2015,
title = " Guide to Industrial Control Systems (ICS) Security",
howpublished = "NIST Special Publication 800-82, 2, Version 2",
year =  "2015",
url = "https://nvlpubs.nist.gov/nistpubs/specialpublications/nist.sp.800-82r2.pdf",
}

@misc{Schrecker2016,
author = "S. Schrecker and others",
title = "The industrial Internet of Things - Volume G4: Security Framework",
howpublished = {Industrial Internet Consortium},
year = "2016", 
url = "https://www.iiconsortium.org/pdf/IIC\_PUB\_G4\_V1.00\_PB-3.pdf",
}

@misc{Grives2014,
author = "M. Grieves",
title = "Digital Twin Manufacturing Excellence Through Virtual Factory Replication", 
address = "Paris, France",
howpublished = {Dassault Syst'emes}, 
year = "2014",
url = "http://innovate.fit.edu/plm/documents/doc\_mgr/912/1411.0\_Digital\_Twin \newline \_White\_Paper\_Dr\_Grieves.pdf",
}

@misc{Shafto2010,
author = "M. Shafto and M. Conroy and R. Doyle and E. Glaessgen and C. Kemp and J. LeMoigne and L. Wang",
title = "Modeling, simulation, information technology \& processing roadmap",
howpublished = "National Aeronautics and Space Administration (NASA)", 
year = "2010",
url = "https://www.nasa.gov/pdf/501321main\_TA11-MSITP-DRAFT-Nov2010-A1.pdf",
}

@misc{Kent2005,
author = "S. Kent and K. Seo",
title = "Security Architecture for the Internet Protocol",
howpublished = "RFC 4301 (Proposed Standard)", 
organization = {Internet Engineering Task Force},
  publisher = {IETF},
year = "2005",
number = "4301",
month = dec,
url = "https://www.rfc-editor.org/info/rfc4301",
}

@misc{Dierks2008,
  author = {Dierks, T. and Rescorla, E.},
  howpublished = {RFC 5246 (Proposed Standard)},
  month = aug,
  number = 5246,
  organization = {Internet Engineering Task Force},
  publisher = {IETF},
  series = {Request for Comments},
  title = {{The Transport Layer Security (TLS) Protocol Version 1.2}},
  url = {http://www.ietf.org/rfc/rfc5246.txt},
  year = 2008,
}

@article{ROSEN2015,
title = "About The Importance of Autonomy and Digital Twins for the Future of Manufacturing",
journal = "IFAC-PapersOnLine",
volume = "48",
number = "3",
pages = "567 - 572",
year = "2015",
note = "15th IFAC Symposium onInformation Control Problems inManufacturing",
issn = "2405-8963",
doi = "https://doi.org/10.1016/j.ifacol.2015.06.141",
url = "http://www.sciencedirect.com/science/article/pii/S2405896315003808",
author = "Roland Rosen and Georg von Wichert and George Lo and Kurt D. Bettenhausen",
}

   
@INPROCEEDINGS{Shahriar2018,
author={M. R. Shahriar and S. M. N. A. Sunny and X. Liu and M. C. Leu and L. Hu and N. Nguyen},
booktitle={2018 5th IEEE International Conference on Cyber Security and Cloud Computing (CSCloud)/2018 4th IEEE International Conference on Edge Computing and Scalable Cloud (EdgeCom)},
title={MTComm Based Virtualization and Integration of Physical Machine Operations with Digital-Twins in Cyber-Physical Manufacturing Cloud},
year={2018},
volume={},
number={},
pages={46-51},
doi={10.1109/CSCloud/EdgeCom.2018.00018},
ISSN={},
month={June},}

@ARTICLE{Delsing2017,
author={J. Delsing},
journal={IEEE Industrial Electronics Magazine},
title={Local Cloud Internet of Things Automation: Technology and Business Model Features of Distributed Internet of Things Automation Solutions},
year={2017},
volume={11},
number={4},
pages={8-21},
doi={10.1109/MIE.2017.2759342},
ISSN={1932-4529},
month={Dec},}

@article{Macchi2018,
title = "Exploring the role of Digital Twin for Asset Lifecycle Management",
journal = "IFAC-PapersOnLine",
volume = "51",
number = "11",
pages = "790 - 795",
year = "2018",
note = "16th IFAC Symposium on Information Control Problems in Manufacturing INCOM 2018",
issn = "2405-8963",
doi = "https://doi.org/10.1016/j.ifacol.2018.08.415",
url = "http://www.sciencedirect.com/science/article/pii/S2405896318315416",
author = "Marco Macchi and Irene Roda and Elisa Negri and Luca Fumagalli",
}

@inproceedings{Eckhart2018,
 author = {Eckhart, Matthias and Ekelhart, Andreas},
 title = {A Specification-based State Replication Approach for Digital Twins},
 booktitle = {Proceedings of the 2018 Workshop on Cyber-Physical Systems Security and PrivaCy},
 series = {CPS-SPC '18},
 year = {2018},
 isbn = {978-1-4503-5992-4},
 location = {Toronto, Canada},
 pages = {36--47},
 numpages = {12},
 url = {http://doi.acm.org/10.1145/3264888.3264892},
 doi = {10.1145/3264888.3264892},
 acmid = {3264892},
 publisher = {ACM},

} 

@inproceedings{Gentry2009,
 author = {Gentry, Craig},
 title = {Fully Homomorphic Encryption Using Ideal Lattices},
 booktitle = {Proceedings of the Forty-first Annual ACM Symposium on Theory of Computing},
 series = {STOC '09},
 year = {2009},
 isbn = {978-1-60558-506-2},
 location = {Bethesda, MD, USA},
 pages = {169--178},
 numpages = {10},
 url = {http://doi.acm.org/10.1145/1536414.1536440},
 doi = {10.1145/1536414.1536440},
 acmid = {1536440},
 publisher = {ACM},
 address = {New York, NY, USA},
 keywords = {fully homomorphic encryption},
} 

@INPROCEEDINGS{Liu2015,
author={C. Liu and X. S. Wang and K. Nayak and Y. Huang and E. Shi},
booktitle={2015 IEEE Symposium on Security and Privacy},
title={ObliVM: A Programming Framework for Secure Computation},
year={2015},
volume={},
number={},
pages={359-376},
doi={10.1109/SP.2015.29},
ISSN={1081-6011},
month={May},}

@INPROCEEDINGS{Schuster2015,
author={F. Schuster and M. Costa and C. Fournet and C. Gkantsidis and M. Peinado and G. Mainar-Ruiz and M. Russinovich},
booktitle={2015 IEEE Symposium on Security and Privacy},
title={{VC3}: Trustworthy Data Analytics in the Cloud Using {SGX}},
year={2015},
volume={},
number={},
pages={38-54},
doi={10.1109/SP.2015.10},
ISSN={1081-6011},
month={May},}

@ARTICLE{Paladi2017,
author={N. Paladi and C. Gehrmann and A. Michalas},
journal={IEEE Transactions on Cloud Computing},
title={Providing User Security Guarantees in Public Infrastructure Clouds},
year={2017},
volume={5},
number={3},
pages={405-419},
doi={10.1109/TCC.2016.2525991},
ISSN={2168-7161},
month={July},}

@inproceedings {Lipp2018,
author = {Moritz Lipp and Michael Schwarz and Daniel Gruss and Thomas Prescher and Werner Haas and Anders Fogh and Jann Horn and Stefan Mangard and Paul Kocher and Daniel Genkin and Yuval Yarom and Mike Hamburg},
title = {Meltdown: Reading Kernel Memory from User Space},
booktitle = {27th {USENIX} Security Symposium ({USENIX} Security 18)},
year = {2018},
isbn = {978-1-931971-46-1},
address = {Baltimore, MD},
pages = {973--990},
url = {https://www.usenix.org/conference/usenixsecurity18/presentation/lipp},
publisher = {{USENIX} Association},
}

@INPROCEEDINGS{Kocher2019,
author = {P. Kocher and J. Horn and A. Fogh and D. Genkin and D. Gruss and W. Haas and M. Hamburg and M. Lipp and S. Mangard and T. Prescher and M. Schwarz and Y. Yarom},
booktitle = {2019 2019 IEEE Symposium on Security and Privacy (SP)},
title = {Spectre Attacks: Exploiting Speculative Execution},
year = {2019},
volume = {00},
number = {},
pages = {19-37},
doi = {10.1109/SP.2019.00002},
url = {doi.ieeecomputersociety.org/10.1109/SP.2019.00002},
ISSN = {CFP19020-ART},
month={}
}



@book{Smith2005,
 author = {Smith, Jim and Nair, Ravi},
 title = {Virtual Machines: Versatile Platforms for Systems and Processes (The Morgan Kaufmann Series in Computer Architecture and Design)},
 year = {2005},
 isbn = {1558609105},
 publisher = {Morgan Kaufmann Publishers Inc.},
 address = {San Francisco, CA, USA},
} 


@INPROCEEDINGS{Kruegel2002,
author={C. Kruegel and F. Valeur and G. Vigna and R. Kemmerer},
booktitle={Proceedings 2002 IEEE Symposium on Security and Privacy},
title={Stateful intrusion detection for high-speed network's},
year={2002},
volume={},
number={},
pages={285-293},
doi={10.1109/SECPRI.2002.1004378},
ISSN={1081-6011},
month={May},}

@INPROCEEDINGS{Li2010,
author={L. E. Li and T. Woo},
booktitle={2010 6th IEEE Workshop on Secure Network Protocols},
title={VSITE: A scalable and secure architecture for seamless L2 enterprise extension in the cloud},
year={2010},
volume={},
number={},
pages={31-36},
doi={10.1109/NPSEC.2010.5634451},
ISSN={},
month={Oct},}

@misc{Rissanen2013,
editor = {Erik Rissanen},
title = "eXtensible Access Control Markup Language (XACML) Version 3.0",
year = "2013",
howpublished = "OASIS Standard",
publisher = "OASIS",
url = "http://docs.oasis-open.org/xacml/3.0/xacml-3.0-core-spec-os-en.html",
}

@misc{Campbell2015,
	series =	{Request for Comments},
	number =	7522,
	howpublished =	{RFC 7522},
	publisher =	{RFC Editor},
	doi =		{10.17487/RFC7522},
	url =		{https://rfc-editor.org/rfc/rfc7522.txt},
        author =	{Brian Campbell and Chuck Mortimore and Michael Jones},
	title =		{{Security Assertion Markup Language (SAML) 2.0 Profile for OAuth 2.0 Client Authentication and Authorization Grants}},
	pagetotal =	15,
	year =		2015,
	month =		may,
}

@misc{Hardt2012,
	series =	{Request for Comments},
	number =	6749,
	howpublished =	{RFC 6749},
	publisher =	{RFC Editor},
	doi =		{10.17487/RFC6749},
	url =		{https://rfc-editor.org/rfc/rfc6749.txt},
        author =	{Dick Hardt},
	title =		{{The OAuth 2.0 Authorization Framework}},
	pagetotal =	76,
	year =		2012,
	month =		oct,
}

@inproceedings{Sonnerup2018,
  author       = {S\"{o}nnerup, Jonathan and Hell, Martin},
  isbn         = {1-60132-488-X},
  booktitle    = {International Conference on Security and Management (SAM'18)},
  keyword      = {Security exposure,exploit,vulnerability life-cycle,patch,NVD},
  language     = {eng},
  location     = {Las Vegas, United States},
  title        = {Evaluating Security of Software Through Vulnerability Metrics},
  year         = {2018},
}

@article{Lamport:1978,
 author = {Lamport, Leslie},
 title = {Time, Clocks, and the Ordering of Events in a Distributed System},
 journal = {Commun. ACM},
 issue_date = {July 1978},
 volume = {21},
 number = {7},
 month = jul,
 year = {1978},
 issn = {0001-0782},
 pages = {558--565},
 numpages = {8},
 url = {http://doi.acm.org/10.1145/359545.359563},
 doi = {10.1145/359545.359563},
 acmid = {359563},
 publisher = {ACM},
 address = {New York, NY, USA},
} 

@article{Schneider1990,
 author = {Schneider, Fred B.},
 title = {Implementing Fault-tolerant Services Using the State Machine Approach: A Tutorial},
 journal = {ACM Comput. Surv.},
 issue_date = {Dec. 1990},
 volume = {22},
 number = {4},
 month = dec,
 year = {1990},
 issn = {0360-0300},
 pages = {299--319},
 numpages = {21},
 url = {http://doi.acm.org/10.1145/98163.98167},
 doi = {10.1145/98163.98167},
 acmid = {98167},
 publisher = {ACM},
 address = {New York, NY, USA},
} 

@inproceedings{Gehrmann2016,
  added-at = {2017-05-26T09:46:28.000+0200},
  author = {Gehrmann, C. and Abdelraheem, M. A.},
  biburl = {https://www.bibsonomy.org/bibtex/2140d57c874ca29855828de010c4b0352/paaswordcas},
  booktitle = {2016 IEEE International Conference on Cloud Computing Technology and Science (CloudCom)},
  doi = {10.1109/CloudCom.2016.0092},
  month = dec,
  pages = {527-532},
  timestamp = {2017-05-26T13:27:26.000+0200},
  title = {IoT Protection through Device to Cloud Synchronization},
  year = 2016
}

@misc{Ericsson2016,
author = "Ericsson",
title = "Cellular networks for massive IoT", 
year = "2016",
howpublished =	{Ericsson white paper},
urldate = {28/1/2019},  
url = "/www.ericsson.com/assets/local/publications/white-papers/wp\_iot.pdf",
}

@ARTICLE{Marjani2017,
author={M. Marjani and F. Nasaruddin and A. Gani and A. Karim and I. A. T. Hashem and A. Siddiqa and I. Yaqoob},
journal={IEEE Access},
title={Big IoT Data Analytics: Architecture, Opportunities, and Open Research Challenges},
year={2017},
volume={5},
number={},
pages={5247-5261},
keywords={data mining;Internet of Things;big data mining;IoT devices;Internet of things;big IoT data analytics;Big Data;Data analysis;Tools;Computer architecture;Business;Sensors;Data mining;Big data;Internet of Things;data analytics;distributed computing;smart city},
doi={10.1109/ACCESS.2017.2689040},
ISSN={2169-3536},
month={},}



@INPROCEEDINGS{Mun2016,
author={D. Mun and M. L. Dinh and Y. Kwon},
booktitle={2016 IEEE 40th Annual Computer Software and Applications Conference (COMPSAC)},
title={An Assessment of Internet of Things Protocols for Resource-Constrained Applications},
year={2016},
volume={1},
number={},
pages={555-560},
doi={10.1109/COMPSAC.2016.51},
ISSN={0730-3157},
month={June},}

@ARTICLE{Roman2011,
author={R. Roman and P. Najera and J. Lopez},
journal={Computer},
title={Securing the Internet of Things},
year={2011},
volume={44},
number={9},
pages={51-58},
keywords={computer network security;Internet;Internet of Things;virtual component;IoT;business models;Internet security;Virtual environments;Protocols;Network security;Wireless sensor networks;Internet;Sensor systems;Internet of Things;Security protocols;Sensor networks;Virtual objects},
doi={10.1109/MC.2011.291},
ISSN={0018-9162},
month={Sep.},}

@article{Maple2017,
author = {Carsten Maple},
title = {Security and privacy in the internet of things},
journal = {Journal of Cyber Policy},
volume = {2},
number = {2},
pages = {155-184},
year  = {2017},
publisher = {Routledge},
doi = {10.1080/23738871.2017.1366536},
URL = { 
        https://doi.org/10.1080/23738871.2017.1366536
},
eprint = { 
        https://doi.org/10.1080/23738871.2017.1366536
}}

@INPROCEEDINGS{Sadeghi2015,
author={A. Sadeghi and C. Wachsmann and M. Waidner},
booktitle={2015 52nd ACM/EDAC/IEEE Design Automation Conference (DAC)},
title={Security and privacy challenges in industrial Internet of Things},
year={2015},
volume={},
number={},
pages={1-6},
doi={10.1145/2744769.2747942.},
ISSN={0738-100X},
month={June},}

@Article{Khan2015,
author="Khan, Zaheer
and Anjum, Ashiq
and Soomro, Kamran
and Tahir, Muhammad Atif",
title="Towards cloud based big data analytics for smart future cities",
journal="Journal of Cloud Computing",
year="2015",
month="Feb",
day="18",
volume="4",
number="1",
pages="2",
issn="2192-113X",
doi="10.1186/s13677-015-0026-8",
url="https://doi.org/10.1186/s13677-015-0026-8"
}

@inproceedings{Dolev1981,
 author = {Dolev, D. and Yao, A. C.},
 title = {On the Security of Public Key Protocols},
 booktitle = {Proceedings of the 22Nd Annual Symposium on Foundations of Computer Science},
 series = {SFCS '81},
 year = {1981},
 pages = {350--357},
 numpages = {8},
 url = {https://doi.org/10.1109/SFCS.1981.32},
 doi = {10.1109/SFCS.1981.32},
 acmid = {1382728},
 publisher = {IEEE Computer Society},
 address = {Washington, DC, USA},
} 

@InProceedings{Cynthia2008,
author="Dwork, Cynthia",
editor="Agrawal, Manindra
and Du, Dingzhu
and Duan, Zhenhua
and Li, Angsheng",
title="Differential Privacy: A Survey of Results",
booktitle="Theory and Applications of Models of Computation",
year="2008",
publisher="Springer Berlin Heidelberg",
address="Berlin, Heidelberg",
pages="1--19",
isbn="978-3-540-79228-4"
}

@article{Cynthia2014,
 author = {Dwork, Cynthia and Roth, Aaron},
 title = {The Algorithmic Foundations of Differential Privacy},
 journal = {Found. Trends Theor. Comput. Sci.},
 issue_date = {August 2014},
 volume = {9},
 number = {3\&\#8211;4},
 month = aug,
 year = {2014},
 issn = {1551-305X},
 pages = {211--407},
 numpages = {197},
 url = {http://dx.doi.org/10.1561/0400000042},
 doi = {10.1561/0400000042},
 acmid = {2693053},
 publisher = {Now Publishers Inc.},
 address = {Hanover, MA, USA},
} 

@Article{Jain2016,
author="Jain, Priyank
and Gyanchandani, Manasi
and Khare, Nilay",
title="Big data privacy: a technological perspective and review",
journal="Journal of Big Data",
year="2016",
month="Nov",
day="26",
volume="3",
number="1",
pages="25",
doi="10.1186/s40537-016-0059-y",
url="https://doi.org/10.1186/s40537-016-0059-y"
}

@article{Bosch2014,
 author = {B\"{o}sch, Christoph and Hartel, Pieter and Jonker, Willem and Peter, Andreas},
 title = {A Survey of Provably Secure Searchable Encryption},
 journal = {ACM Comput. Surv.},
 issue_date = {January 2015},
 volume = {47},
 number = {2},
 month = aug,
 year = {2014},
 issn = {0360-0300},
 pages = {18:1--18:51},
 articleno = {18},
 numpages = {51},
 url = {http://doi.acm.org/10.1145/2636328},
 doi = {10.1145/2636328},
 acmid = {2636328},
 publisher = {ACM},
 address = {New York, NY, USA},
 keywords = {Secure data management, keyword search on encrypted data, privacy, provably secure, searchable encryption},
} 

@misc{rfc7252,
	series =	{Request for Comments},
	number =	7252,
	howpublished =	{RFC 7252},
	publisher =	{RFC Editor},
	doi =		{10.17487/RFC7252},
	url =		{https://rfc-editor.org/rfc/rfc7252.txt},
        author =	{Zach Shelby and Klaus Hartke and Carsten Bormann},
	title =		{{The Constrained Application Protocol (CoAP)}},
	pagetotal =	112,
	year =		2014,
	month =		jun,
}

@techreport{oscore,
	number =	{draft-ietf-core-object-security-16},
	type =		{Internet-Draft},
	institution =	{Internet Engineering Task Force},
	publisher =	{Internet Engineering Task Force},
	note =		{Work in Progress},
	url =		{https://datatracker.ietf.org/doc/html/draft-ietf-core-object-security-16},
        author =	{Göran Selander and John Mattsson and Francesca Palombini and Ludwig Seitz},
	title =		{{Object Security for Constrained RESTful Environments (OSCORE)}},
	pagetotal =	90,
	year =		2019,
	month =		mar,
	day =		6,
}

@inproceedings {Papadimitriou2016,
author = {Antonis Papadimitriou and Ranjita Bhagwan and Nishanth Chandran and Ramachandran Ramjee and Andreas Haeberlen and Harmeet Singh and Abhishek Modi and Saikrishna Badrinarayanan},
title = {Big Data Analytics over Encrypted Datasets with Seabed},
booktitle = {12th {USENIX} Symposium on Operating Systems Design and Implementation ({OSDI} 16)},
year = {2016},
isbn = {978-1-931971-33-1},
address = {Savannah, GA},
pages = {587--602},
url = {https://www.usenix.org/conference/osdi16/technical-sessions/presentation/papadimitriou},
publisher = {{USENIX} Association},
}

@inproceedings{Popa2011,
 author = {Popa, Raluca Ada and Redfield, Catherine M. S. and Zeldovich, Nickolai and Balakrishnan, Hari},
 title = {CryptDB: Protecting Confidentiality with Encrypted Query Processing},
 booktitle = {Proceedings of the Twenty-Third ACM Symposium on Operating Systems Principles},
 series = {SOSP '11},
 year = {2011},
 isbn = {978-1-4503-0977-6},
 location = {Cascais, Portugal},
 pages = {85--100},
 numpages = {16},
 url = {http://doi.acm.org/10.1145/2043556.2043566},
 doi = {10.1145/2043556.2043566},
 acmid = {2043566},
 publisher = {ACM},
 address = {New York, NY, USA},
} 

@inproceedings {Zheng2017,
author = {Wenting Zheng and Ankur Dave and Jethro G. Beekman and Raluca Ada Popa and Joseph E. Gonzalez and Ion Stoica},
title = {Opaque: An Oblivious and Encrypted Distributed Analytics Platform},
booktitle = {14th {USENIX} Symposium on Networked Systems Design and Implementation ({NSDI} 17)},
year = {2017},
isbn = {978-1-931971-37-9},
address = {Boston, MA},
pages = {283--298},
url = {https://www.usenix.org/conference/nsdi17/technical-sessions/presentation/zheng},
publisher = {{USENIX} Association},
}

@inproceedings{Xu2018,
 author = {Xu, Min and Papadimitriou, Antonis and Feldman, Ariel and Haeberlen, Andreas},
 title = {Using Differential Privacy to Efficiently Mitigate Side Channels in Distributed Analytics},
 booktitle = {Proceedings of the 11th European Workshop on Systems Security},
 series = {EuroSec'18},
 year = {2018},
 isbn = {978-1-4503-5652-7},
 location = {Porto, Portugal},
 pages = {4:1--4:6},
 articleno = {4},
 numpages = {6},
 url = {http://doi.acm.org/10.1145/3193111.3193115},
 doi = {10.1145/3193111.3193115},
 acmid = {3193115},
 publisher = {ACM},
 address = {New York, NY, USA},
} 

@InProceedings{Golrdreich97,
author="Goldreich, Oded",
editor="Kaliski, Burton S.",
title="On the foundations of modern cryptography",
booktitle="Advances in Cryptology --- CRYPTO '97",
year="1997",
publisher="Springer Berlin Heidelberg",
address="Berlin, Heidelberg",
pages="46--74",

}

@INPROCEEDINGS{Wang2017,
author={D. {Wang} and B. {Guo} and Y. {Shen} and S. {Cheng} and Y. {Lin}},
booktitle={2017 IEEE 2nd International Conference on Big Data Analysis (ICBDA)(},
title={A faster fully homomorphic encryption scheme in big data},
year={2017},
volume={},
number={},
pages={345-349},
keywords={Big Data;data protection;public key cryptography;random number generation;data security;privacy protection;data encryption;homomorphic encryption;big data;pseudo-random number generation;public key elements;Public key;Big Data;Encryption;Electronic mail;Data privacy;AGCD problem;big data;fully homomorphic encryption;privacy protection},
doi={10.1109/ICBDA.2017.8078836},
ISSN={},
month={March},}

@article{Acar2018,
 author = {Acar, Abbas and Aksu, Hidayet and Uluagac, A. Selcuk and Conti, Mauro},
 title = {A Survey on Homomorphic Encryption Schemes: Theory and Implementation},
 journal = {ACM Comput. Surv.},
 issue_date = {September 2018},
 volume = {51},
 number = {4},
 month = jul,
 year = {2018},
 issn = {0360-0300},
 pages = {79:1--79:35},
 articleno = {79},
 numpages = {35},
 url = {http://doi.acm.org/10.1145/3214303},
 doi = {10.1145/3214303},
 acmid = {3214303},
 publisher = {ACM},
 address = {New York, NY, USA},
 keywords = {FHE, FHE implementation, FHE survey, Fully homomorphic encryption, PHE, SWHE, homomorphic encryption, partially homomorphic encryption, somewhat homomorphic encryption},
} 

@article{instruments2015cc2538,
  title={Cc2538 powerful wireless microcontroller system-on-chip for 2.4-ghz ieee 802.15. 4, 6lowpan, and zigbee applications},
  author={Instruments, Texas},
  journal={CC2538 datasheet (April 2015)},
  year={2015}
}

@inproceedings{gentry2009fully,
  title={Fully homomorphic encryption using ideal lattices.},
  author={Gentry, Craig and others},
  booktitle={Stoc},
  volume={9},
  number={2009},
  pages={169--178},
  year={2009}
}

@inproceedings{naehrig2011can,
  title={Can homomorphic encryption be practical?},
  author={Naehrig, Michael and Lauter, Kristin and Vaikuntanathan, Vinod},
  booktitle={Proceedings of the 3rd ACM workshop on Cloud computing security workshop},
  pages={113--124},
  year={2011},
  organization={ACM}
}

@incollection{lindell2005secure,
  title={Secure multiparty computation for privacy preserving data mining},
  author={Lindell, Yehida},
  booktitle={Encyclopedia of Data Warehousing and Mining},
  pages={1005--1009},
  year={2005},
  publisher={IGI Global}
}

@article{bringer2013privacy,
  title={Privacy-preserving biometric identification using secure multiparty computation: An overview and recent trends},
  author={Bringer, Julien and Chabanne, Herv{\'e} and Patey, Alain},
  journal={IEEE Signal Processing Magazine},
  volume={30},
  number={2},
  pages={42--52},
  year={2013},
  publisher={IEEE}
}

@article{perera2015big,
  title={Big data privacy in the internet of things era},
  author={Perera, Charith and Ranjan, Rajiv and Wang, Lizhe and Khan, Samee U and Zomaya, Albert Y},
  journal={IT Professional},
  volume={17},
  number={3},
  pages={32--39},
  year={2015},
  publisher={IEEE}
}


@article{shan2018practical,
  title={Practical secure computation outsourcing: a survey},
  author={Shan, Zihao and Ren, Kui and Blanton, Marina and Wang, Cong},
  journal={ACM Computing Surveys (CSUR)},
  volume={51},
  number={2},
  pages={31},
  year={2018},
  publisher={ACM}
}

@inproceedings{Silva:2017:SPP:3019612.3019795,
 author = {Silva, Leandro Ventura and Marinho, Rodolfo and Vivas, Jose Luis and Brito, Andrey},
 title = {Security and Privacy Preserving Data Aggregation in Cloud Computing},
 booktitle = {Proceedings of the Symposium on Applied Computing},
 series = {SAC '17},
 year = {2017},
 isbn = {978-1-4503-4486-9},
 location = {Marrakech, Morocco},
 pages = {1732--1738},
 numpages = {7},
 url = {http://doi.acm.org/10.1145/3019612.3019795},
 doi = {10.1145/3019612.3019795},
 acmid = {3019795},
 publisher = {ACM},
 address = {New York, NY, USA},
 keywords = {privacy, secure cloud computing, smart grid, smart metering},
} 

@article{conti2009privacy,
  title={Privacy-preserving robust data aggregation in wireless sensor networks},
  author={Conti, Mauro and Zhang, Lei and Roy, Sankardas and Di Pietro, Roberto and Jajodia, Sushil and Mancini, Luigi Vincenzo},
  journal={Security and Communication Networks},
  volume={2},
  number={2},
  pages={195--213},
  year={2009},
  publisher={Wiley Online Library}
}

@article{bista2010privacy,
  title={Privacy-preserving data aggregation protocols for wireless sensor networks: a survey},
  author={Bista, Rabindra and Chang, Jae-Woo},
  journal={Sensors},
  volume={10},
  number={5},
  pages={4577--4601},
  year={2010},
  publisher={Molecular Diversity Preservation International}
}

@article{zhang2018data,
  title={Data security and privacy-preserving in edge computing paradigm: Survey and open issues},
  author={Zhang, Jiale and Chen, Bing and Zhao, Yanchao and Cheng, Xiang and Hu, Feng},
  journal={IEEE Access},
  volume={6},
  pages={18209--18237},
  year={2018},
  publisher={IEEE}
}
@article{khan2013enhanced,
  title={Enhanced dynamic credential generation scheme for protection of user identity in mobile-cloud computing},
  author={Khan, Abdul Nasir and Kiah, ML Mat and Madani, Sajjad A and Ali, Mazhar and others},
  journal={The Journal of Supercomputing},
  volume={66},
  number={3},
  pages={1687--1706},
  year={2013},
  publisher={Springer}
}

@inproceedings{wang2010device,
  title={In-device spatial cloaking for mobile user privacy assisted by the cloud},
  author={Wang, Song and Wang, X Sean},
  booktitle={2010 Eleventh International Conference on Mobile Data Management},
  pages={381--386},
  year={2010},
  organization={IEEE}
}

@ARTICLE{lin2013,
author={X. {Lin} and X. {Li}},
journal={IEEE Transactions on Vehicular Technology},
title={Achieving Efficient Cooperative Message Authentication in Vehicular Ad Hoc Networks},
year={2013},
volume={62},
number={7},
pages={3339-3348},
keywords={cooperative communication;message authentication;telecommunication network reliability;telecommunication security;vehicular ad hoc networks;cooperative message authentication scheme;vehicular ad hoc networks;VANET;road safety;emergency braking;information reliability;data integrity;data authenticity;accident warning;authentication overhead;authentication delay;free-riding attacks;selfish vehicles;evidence-token approach;authentication workload;trusted authority;roadside unit;RSU;Vehicles;Authentication;Message authentication;Vehicular ad hoc networks;Protocols;Wireless communication;Cooperative authentication;free-riding attacks;selfishness;vehicular ad hoc networks (VANETs)},
doi={10.1109/TVT.2013.2257188},
ISSN={},
month={Sep.},}

@article{lin2008tsvc,
  title={TSVC: Timed efficient and secure vehicular communications with privacy preserving},
  author={Lin, Xiaodong and Sun, Xiaoting and Wang, Xiaoyu and Zhang, Chenxi and Ho, Pin-Han and Shen, Xuemin},
  journal={IEEE Transactions on Wireless Communications},
  volume={7},
  number={12},
  pages={4987--4998},
  year={2008},
  publisher={Citeseer}
}

@article{pfitzmann2010terminology,
  title={A terminology for talking about privacy by data minimization: Anonymity, unlinkability, undetectability, unobservability, pseudonymity, and identity management},
  author={Pfitzmann, Andreas and Hansen, Marit},
  year={2010}
}

@article{chen2017robustness,
  title={Robustness, security and privacy in location-based services for future IoT: A survey},
  author={Chen, Liang and Thombre, Sarang and J{\"a}rvinen, Kimmo and Lohan, Elena Simona and Al{\'e}n-Savikko, Anette and Lepp{\"a}koski, Helena and Bhuiyan, M Zahidul H and Bu-Pasha, Shakila and Ferrara, Giorgia Nunzia and Honkala, Salomon and others},
  journal={IEEE Access},
  volume={5},
  pages={8956--8977},
  year={2017},
  publisher={IEEE}
}

@article{porambage2016quest,
  title={The quest for privacy in the internet of things},
  author={Porambage, Pawani and Ylianttila, Mika and Schmitt, Corinna and Kumar, Pardeep and Gurtov, Andrei and Vasilakos, Athanasios V},
  journal={IEEE Cloud Computing},
  volume={3},
  number={2},
  pages={36--45},
  year={2016},
  publisher={IEEE}
}

@inproceedings{whyte2013security,
  title={A security credential management system for V2V communications},
  author={Whyte, William and Weimerskirch, Andr{\'e} and Kumar, Virendra and Hehn, Thorsten},
  booktitle={2013 IEEE Vehicular Networking Conference},
  pages={1--8},
  year={2013},
  organization={IEEE}
}

@inproceedings{wong2009secure,
  title={Secure kNN computation on encrypted databases},
  author={Wong, Wai Kit and Cheung, David Wai-lok and Kao, Ben and Mamoulis, Nikos},
  booktitle={Proceedings of the 2009 ACM SIGMOD International Conference on Management of data},
  pages={139--152},
  year={2009},
  organization={ACM}
}

@techreport{RFC8613,
  author = {G. Selander and J. Mattsson and F. Palombini and L. Seitz},
  title = {Object Security for Constrained RESTful Environments (OSCORE)},
  howpublished = {Internet Requests for Comments},
  type = {RFC},
  number = {8613},
  year = {2019},
  month = {July},
  issn = {2070-1721},
  publisher = {RFC Editor},
  institution = {RFC Editor},
}

@article{Sweeney2002,
 author = {Sweeney, Latanya},
 title = {K-anonymity: A Model for Protecting Privacy},
 journal = {Int. J. Uncertain. Fuzziness Knowl.-Based Syst.},
 issue_date = {October 2002},
 volume = {10},
 number = {5},
 month = oct,
 year = {2002},
 issn = {0218-4885},
 pages = {557--570},
 numpages = {14},
 url = {http://dx.doi.org/10.1142/S0218488502001648},
 doi = {10.1142/S0218488502001648},
 acmid = {774552},
 publisher = {World Scientific Publishing Co., Inc.},
 address = {River Edge, NJ, USA},
 keywords = {data anonymity, data fusion, data privacy, privacy, re-identification},
} 

@article{Ayala2014,
 author = {Ayala-Rivera, Vanessa and McDonagh, Patrick and Cerqueus, Thomas and Murphy, Liam},
 title = {A Systematic Comparison and Evaluation of k-Anonymization Algorithms for Practitioners},
 journal = {Trans. Data Privacy},
 issue_date = {December 2014},
 volume = {7},
 number = {3},
 month = dec,
 year = {2014},
 issn = {1888-5063},
 pages = {337--370},
 numpages = {34},
 url = {http://dl.acm.org/citation.cfm?id=2870614.2870620},
 acmid = {2870620},
 publisher = {IIIA-CSIC},
 address = {Catalonia, Spain},
} 