@article{Lee2014,
author = {Lee, Jay and Bagheri, Behrad and Kao, Hung-An},
year = {2014},
month = {12},
pages = {},
title = {A Cyber-Physical Systems architecture for Industry 4.0-based manufacturing systems},
volume = {3},
journal = {SME Manufacturing Letters},
doi = {10.1016/j.mfglet.2014.12.001}
}

@inproceedings{Alvares2014,
author={T. R. {Alves} and M. {Buratto} and F. M. {de Souza} and T. V. {Rodrigues}},
booktitle={IEEE Global Humanitarian Technology Conference (GHTC 2014)},
title={OpenPLC: An open source alternative to automation},
year={2014},
volume={},
number={},
pages={585-589},
keywords={control engineering computing;factory automation;production engineering computing;programmable controllers;public domain software;OpenPLC;programmable logic controller;industrial automation;low-cost open source PLC;industrial production;Central Processing Unit;Automation;Protocols;Software;Relays;Floors;Light emitting diodes;PLC;OpenPLC;Automation;MODBUS;Open source},
doi={10.1109/GHTC.2014.6970342},
ISSN={},
month={10},}

@InProceedings{Bittion2018,
author="Bitton, Ron
and Gluck, Tomer
and Stan, Orly
and Inokuchi, Masaki
and Ohta, Yoshinobu
and Yamada, Yoshiyuki
and Yagyu, Tomohiko
and Elovici, Yuval
and Shabtai, Asaf",
editor="Lopez, Javier
and Zhou, Jianying
and Soriano, Miguel",
title="Deriving a Cost-Effective Digital Twin of an ICS to Facilitate Security Evaluation",
booktitle="Computer Security",
year="2018",
publisher="Springer International Publishing",
address="Cham",
pages="533--554",
isbn="978-3-319-99073-6"
}

@inproceedings{Eckhart2018_2,
 author = {Eckhart, Matthias and Ekelhart, Andreas},
 title = {Towards Security-Aware Virtual Environments for Digital Twins},
 booktitle = {Proceedings of the 4th ACM Workshop on Cyber-Physical System Security},
 series = {CPSS '18},
 year = {2018},
 isbn = {978-1-4503-5755-5},
 location = {Incheon, Republic of Korea},
 pages = {61--72},
 numpages = {12},
 url = {http://doi.acm.org/10.1145/3198458.3198464},
 doi = {10.1145/3198458.3198464},
 acmid = {3198464},
 publisher = {ACM},
 address = {New York, NY, USA},
 keywords = {automationml, cyber-physical systems, digital twin, industrial control systems, security monitoring, simulation},
} 

@book{Stallings2014,
 author = {Stallings, William and Brown, Lawrie},
 title = {Computer Security: Principles and Practice},
 year = {2014},
 edition = {3rd},
 publisher = {Prentice Hall Press},
 address = {Upper Saddle River, NJ, USA},
} 

@article{Negri2017,
title = "A Review of the Roles of Digital Twin in CPS-based Production Systems",
journal = "Procedia Manufacturing",
volume = "11",
pages = "939 - 948",
year = "2017",
note = "27th International Conference on Flexible Automation and Intelligent Manufacturing, FAIM2017, 27-30 June 2017, Modena, Italy",
issn = "2351-9789",
doi = "https://doi.org/10.1016/j.promfg.2017.07.198",
url = "http://www.sciencedirect.com/science/article/pii/S2351978917304067",
author = "Elisa Negri and Luca Fumagalli and Marco Macchi",
keywords = "Digital Twin, Cyber-Physical Systems, Industry 4.0, Production Systems",
}


@article{Greyce2016,
title = "Digital Twin Data Modeling with AutomationML and a Communication Methodology for Data Exchange",
journal = "IFAC-PapersOnLine",
volume = "49",
number = "30",
pages = "12 - 17",
year = "2016",
note = "4th IFAC Symposium on Telematics Applications TA 2016",
issn = "2405-8963",
doi = "https://doi.org/10.1016/j.ifacol.2016.11.115",
url = "http://www.sciencedirect.com/science/article/pii/S2405896316325538",
author = "Greyce N. Schroeder and Charles Steinmetz and Carlos E. Pereira and Danubia B. Espindola",
}

@article{UHLEMANN2017,
title = "The Digital Twin: Demonstrating the Potential of Real Time Data Acquisition in Production Systems",
journal = "Procedia Manufacturing",
volume = "9",
pages = "113 - 120",
year = "2017",
note = "7th Conference on Learning Factories, CLF 2017",
issn = "2351-9789",
doi = "https://doi.org/10.1016/j.promfg.2017.04.043",
url = "http://www.sciencedirect.com/science/article/pii/S2351978917301610",
author = "Thomas H.-J. Uhlemann and Christoph Schock and Christian Lehmann and Stefan Freiberger and Rolf Steinhilper",
}

