@misc{cve-details,
	author = {{MITRE Corporation}},
	title = {CVE details},
	howpublished = {\url{https://www.cvedetails.com/}},
	COMMENTEDnote = {(visited on: 2019-01-30)}
}


